@inproceedings{pasquier2017practical,
  title={Practical whole-system provenance capture},
  author={Pasquier, Thomas and Han, Xueyuan and Goldstein, Mark and Moyer, Thomas and Eyers, David and Seltzer, Margo and Bacon, Jean},
  booktitle={Proceedings of the 2017 Symposium on Cloud Computing},
  pages={405--418},
  year={2017}
}

@article{baclawski2017framework,
  title={Framework for ontology-driven decision making},
  author={Baclawski, Kenneth and Chan, Eric S and Gawlick, Dieter and Ghoneimy, Adel and Gross, Kenny and Liu, Zhen Hua and Zhang, Xing},
  journal={Applied Ontology},
  volume={12},
  number={3-4},
  pages={245--273},
  year={2017},
  publisher={IOS Press}
}
@inproceedings{pimentel2018versioned,
  title={Versioned-PROV: A PROV extension to support mutable data entities},
  author={Pimentel, Jo{\~a}o Felipe N and Missier, Paolo and Murta, Leonardo and Braganholo, Vanessa},
  booktitle={International Provenance and Annotation Workshop},
  pages={87--100},
  year={2018},
  organization={Springer}
}

@article{rong2020provenance,
  title={Provenance-based data flow control mechanism for Internet of things},
  author={Rong-na, Xie and Hui, Li and Guo-zhen, Shi and Yun-chuan, Guo and Ben, Niu and Mang, Su},
  journal={Transactions on Emerging Telecommunications Technologies},
  pages={e3934},
  year={2020},
  publisher={Wiley Online Library}
}

@article{imran2017provenance,
  title={Provenance based data integrity checking and verification in cloud environments},
  author={Imran, Muhammad and Hlavacs, Helmut and Haq, Inam Ul and Jan, Bilal and Khan, Fakhri Alam and Ahmad, Awais},
  journal={PloS one},
  volume={12},
  number={5},
  pages={e0177576},
  year={2017},
  publisher={Public Library of Science San Francisco, CA USA}
}

@inproceedings{pahl2018architecture,
  title={An architecture pattern for trusted orchestration in IoT edge clouds},
  author={Pahl, Claus and El Ioini, Nabil and Helmer, Sven and Lee, Brian},
  booktitle={2018 Third International Conference on Fog and Mobile Edge Computing (FMEC)},
  pages={63--70},
  year={2018},
  organization={IEEE}
}

@inproceedings{boutamina2018bottleneck,
  title={Bottleneck Patterns in Provenance},
  author={Boutamina, Sara and Millington, James DA and Miles, Simon},
  booktitle={International Provenance and Annotation Workshop},
  pages={212--216},
  year={2018},
  organization={Springer}
}

@incollection{halak2021cist,
  title={CIST: A Threat Modelling Approach for Hardware Supply Chain Security},
  author={Halak, Basel},
  booktitle={Hardware Supply Chain Security},
  pages={3--65},
  year={2021},
  publisher={Springer}
}

@inproceedings{ujcich2018provenance,
  title={A provenance model for the European union general data protection regulation},
  author={Ujcich, Benjamin E and Bates, Adam and Sanders, William H},
  booktitle={International Provenance and Annotation Workshop},
  pages={45--57},
  year={2018},
  organization={Springer}
}

@inproceedings{davari2019access,
  title={Access control model extensions to support data privacy protection based on GDPR},
  author={Davari, Maryam and Bertino, Elisa},
  booktitle={2019 IEEE International Conference on Big Data (Big Data)},
  pages={4017--4024},
  year={2019},
  organization={IEEE}
}

@article{missier2020abstracting,
  title={Abstracting PROV provenance graphs: A validity-preserving approach},
  author={Missier, P and Bryans, J and Gamble, C and Curcin, V},
  journal={Future Generation Computer Systems},
  volume={111},
  pages={352--367},
  year={2020},
  publisher={Elsevier}
}

@article{gao2020big,
  title={A big data provenance model for data security supervision based on PROV-DM model},
  author={Gao, Yuanzhao and Chen, Xingyuan and Du, Xuehui},
  journal={IEEE Access},
  volume={8},
  pages={38742--38752},
  year={2020},
  publisher={IEEE}
}

@inproceedings{mckenna2019modelling,
  title={Modelling the Provenance of Linked Data Interlinks for the Library Domain},
  author={McKenna, Lucy and Debruyne, Christophe and O'Sullivan, Declan},
  booktitle={Companion Proceedings of the 2019 World Wide Web Conference},
  pages={954--958},
  year={2019}
}
@article{moreau2015rationale,
  title={The rationale of PROV},
  author={Moreau, Luc and Groth, Paul and Cheney, James and Lebo, Timothy and Miles, Simon},
  journal={Journal of Web Semantics},
  volume={35},
  pages={235--257},
  year={2015},
  publisher={Elsevier}
}

@article{belhajjame2013prov,
  title={Prov-dm: The prov data model},
  author={Belhajjame, Khalid and B’Far, Reza and Cheney, James and Coppens, Sam and Cresswell, Stephen and Gil, Yolanda and Groth, Paul and Klyne, Graham and Lebo, Timothy and McCusker, Jim and others},
  journal={W3C Recommendation},
  year={2013},
  publisher={World Wide Web Consortium (W3C)}
}
@article{elliot2018functional,
  title={Functional anonymisation: Personal data and the data environment},
  author={Elliot, Mark and O'hara, Kieron and Raab, Charles and O'Keefe, Christine M and Mackey, Elaine and Dibben, Chris and Gowans, Heather and Purdam, Kingsley and McCullagh, Karen},
  journal={Computer Law \& Security Review},
  volume={34},
  number={2},
  pages={204--221},
  year={2018},
  publisher={Elsevier}
}

@inproceedings{chan2019provmark,
  title={ProvMark: a provenance expressiveness benchmarking system},
  author={Chan, Sheung Chi and Cheney, James and Bhatotia, Pramod and Pasquier, Thomas and Gehani, Ashish and Irshad, Hassaan and Carata, Lucian and Seltzer, Margo},
  booktitle={Proceedings of the 20th International Middleware Conference},
  pages={268--279},
  year={2019}
}

@misc{PROV-DM15,
title = {{PROV Data Model}},
howpublished = {\url{https://www.w3.org/TR/prov-dm/}},
note = {Last Accessed: 2020-04-20}
}
@misc{gansner2006drawing,
  title={Drawing graphs with dot},
  author={Gansner, Emden and Koutsofios, Eleftherios and North, Stephen},
  year={2006},
  publisher={Technical report, AT\&T Research. URL http://www. graphviz. org/Documentation~…}
}
@misc{provpythonpkg,
title = {{PROV python documentation}},
howpublished = {\url{https://prov.readthedocs.io/en/latest/prov.html#}},
note = {Last Accessed: 2021-02-22}
}

@misc{pydot2021,
title = {{Python interface to Graphviz's Dot}},
howpublished = {\url{https://pypi.org/project/pydot/}},
note = {Last Accessed: 2021-02-22}
}

@inproceedings{ellson2001graphviz,
  title={Graphviz—open source graph drawing tools},
  author={Ellson, John and Gansner, Emden and Koutsofios, Lefteris and North, Stephen C and Woodhull, Gordon},
  booktitle={International Symposium on Graph Drawing},
  pages={483--484},
  year={2001},
  organization={Springer}
}

@misc{PROV-constraints,
title = {{PROV Constraints}},
howpublished = {\url{https://www.w3.org/TR/2013/REC-prov-constraints-20130430/}},
note = {Last Accessed: 2021-04-20}
}

Constraints of the PROV Data Model Available online: https://www.w3.org/TR/2013/REC-prov-constraints-20130430/ (accessed on Jan 6, 2021)

@misc{OpenProvenanceTools,
title = {{PROV Specs Applications Tool}},
howpublished = {\url{https://openprovenance.org/}},
note = {Last Accessed: 2021-01-07}
}
@misc{SEISPROV,
title = {{SEIS-PROV validator}},
howpublished = {https://github.com/SeismicData/SEIS-PROV/tree/master/validator/seis{\_}prov{\_}validate},
note = {Last Accessed: 2021-01-06}
}

@article{mackey2013understanding,
  title={Understanding the data environment},
  author={Mackey, Elaine and Elliot, Mark},
  journal={XRDS: Crossroads, The ACM Magazine for Students},
  volume={20},
  number={1},
  pages={36--39},
  year={2013},
  publisher={ACM New York, NY, USA}
}

@inproceedings{elliot2010data,
  title={Data environment analysis and the key variable mapping system},
  author={Elliot, Mark and Lomax, Susan and Mackey, Elaine and Purdam, Kingsley},
  booktitle={International Conference on Privacy in Statistical Databases},
  pages={138--147},
  year={2010},
  organization={Springer}
}

@inproceedings{missier2013w3c,
  title={The W3C PROV family of specifications for modelling provenance metadata},
  author={Missier, Paolo and Belhajjame, Khalid and Cheney, James},
  booktitle={Proceedings of the 16th International Conference on Extending Database Technology},
  pages={773--776},
  year={2013}
}


@article{elliot2020anonymisation,
  title={The anonymisation decision-making framework 2nd Edition: European practitioners' guide},
  author={Elliot, Mark and Mackey, Elaine and O'Hara, Kieron},
  year={2020},
  publisher={UKAN}
}

@book{willenborg2012elements,
  title={Elements of statistical disclosure control},
  author={Willenborg, Leon and De Waal, Ton},
  volume={155},
  year={2012},
  publisher={Springer Science \& Business Media}
}

@book{hundepool2012SDC,
  title={Statistical disclosure control},
  author={Hundepool, Anco and Domingo-Ferrer, Josep and Franconi, Luisa and Giessing, Sarah and Nordholt, Eric Schulte and Spicer, Keith and De Wolf, Peter-Paul},
  year={2012},
  publisher={John Wiley \& Sons}
}

@article{skinner1998estimating,
  title={Estimating the re-identification risk per record in microdata},
  author={Skinner, CJ and Holmes, David J},
  journal={Journal of Official Statistics},
  volume={14},
  number={4},
  pages={361},
  year={1998},
  publisher={Statistics Sweden (SCB)}
}

@article{skinner2002measure,
  title={A measure of disclosure risk for microdata},
  author={Skinner, Chris J and Elliot, MJ},
  journal={Journal of the Royal Statistical Society: series B (statistical methodology)},
  volume={64},
  number={4},
  pages={855--867},
  year={2002},
  publisher={Wiley Online Library}
}

@article{chen1998,
  title={Estimation of identification disclosure risk in microdata},
  author={Chen, Guang and Keller-McNulty, Sallie},
  journal={Journal of Official Statistics},
  volume={14},
  number={1},
  pages={79},
  year={1998},
  publisher={Statistics Sweden (SCB)}
}

@incollection{duncan2011concepts,
  title={Concepts of Statistical Disclosure Limitation},
  author={Duncan, George T and Elliot, Mark and Salazar-Gonz{\'a}lez, Juan-Jos{\'e}},
  booktitle={Statistical Confidentiality},
  pages={27--47},
  year={2011},
  publisher={Springer}
}